<?xml version="1.0" encoding="utf-8"?>
<record xmlns="http://www.loc.gov/MARC21/slim" xmlns:xsi="http://www.w3.org/2001/XMLSchema-instance" xsi:schemaLocation="http://www.loc.gov/MARC21/slim http://www.loc.gov/standards/marcxml/schema/MARC21slim.xsd">
	<leader>     nam a22        4500</leader>
	<controlfield tag="001">2757430</controlfield>
	<controlfield tag="003">NNC</controlfield>
	<controlfield tag="006">m        d        </controlfield>
	<controlfield tag="007">cr cn |||m|||a</controlfield>
	<controlfield tag="008">150723s1968    iq abh  ob    000 0 arax </controlfield>
	<datafield ind1=" " ind2=" " tag="040">
		<subfield code="a">NNU</subfield>
		<subfield code="b">eng</subfield>
		<subfield code="e">rda</subfield>
		<subfield code="c">NNU</subfield>
	</datafield>
	<datafield ind1=" " ind2=" " tag="043">
		<subfield code="a">a-iq---</subfield>
	</datafield>
	<datafield ind1=" " ind2="4" tag="050">
		<subfield code="a">DS79.K69</subfield>
		<subfield code="b">H38 1968</subfield>
	</datafield>
	<datafield ind1="1" ind2=" " tag="100">
		<subfield code="6">880-01</subfield>
		<subfield code="a">Ḥassūn al-Burāqī, Ḥusayn ibn al-Sayyid Aḥmad,</subfield>
		<subfield code="d">1845-1914.</subfield>
	</datafield>
	<datafield ind1="1" ind2="0" tag="245">
		<subfield code="6">880-02</subfield>
		<subfield code="a">Tārīkh al-Kūfah /</subfield>
		<subfield code="c">taʼlīf al-Sayyid Ḥusayn ibn al-Sayyid Aḥmad al-Burāqī al-Najafī. Ḥarrarahu wa-aḍāfa ilayhi akthar al-mawāḍīʻ al-muhimmah al-Sayyid Muḥammad Ṣādiq Baḥr al-ʻUlūm.</subfield>
	</datafield>
	<datafield ind1=" " ind2=" " tag="250">
		<subfield code="6">880-03</subfield>
		<subfield code="a">al-Ṭabʻah 3.</subfield>
	</datafield>
	<datafield ind1=" " ind2=" " tag="260">
		<subfield code="6">880-04</subfield>
		<subfield code="a">al-Najaf :</subfield>
		<subfield code="b">al-Maktabah al-Ḥaydarīyah wa-Maṭbaʻatuhā,</subfield>
		<subfield code="c">1968.</subfield>
	</datafield>
	<datafield ind1=" " ind2=" " tag="300">
		<subfield code="a">online resource (22, 444 pages) :</subfield>
		<subfield code="b">illustrations, facsimile, map</subfield>
	</datafield>
	<datafield ind1=" " ind2=" " tag="336">
		<subfield code="a">text</subfield>
		<subfield code="2">rdacontent</subfield>
	</datafield>
	<datafield ind1=" " ind2=" " tag="337">
		<subfield code="a">computer</subfield>
		<subfield code="2">rdamedia</subfield>
	</datafield>
	<datafield ind1=" " ind2=" " tag="338">
		<subfield code="a">online resource</subfield>
		<subfield code="2">rdacarrier</subfield>
	</datafield>
	<datafield ind1=" " ind2=" " tag="500">
		<subfield code="a">In Arabic.</subfield>
	</datafield>
	<datafield ind1=" " ind2=" " tag="500">
		<subfield code="a">Part of the Arabic Collections Online (ACO) project, contributed by Columbia University Libraries.</subfield>
	</datafield>
	<datafield ind1=" " ind2=" " tag="504">
		<subfield code="a">Includes bibliographical references.</subfield>
	</datafield>
	<datafield ind1=" " ind2=" " tag="533">
		<subfield code="a">Electronic reproduction.</subfield>
		<subfield code="b">New York, N.Y. :</subfield>
		<subfield code="c">New York University,</subfield>
		<subfield code="d">2015.</subfield>
		<subfield code="5">NNU</subfield>
	</datafield>
	<datafield ind1=" " ind2="0" tag="651">
		<subfield code="a">Kūfah (Iraq)</subfield>
		<subfield code="x">History.</subfield>
	</datafield>
	<datafield ind1=" " ind2="7" tag="651">
		<subfield code="a">Iraq</subfield>
		<subfield code="z">Kūfah.</subfield>
		<subfield code="2">fast</subfield>
		<subfield code="0">(OCoLC)fst01239339</subfield>
	</datafield>
	<datafield ind1=" " ind2="7" tag="655">
		<subfield code="a">History.</subfield>
		<subfield code="2">fast</subfield>
		<subfield code="0">(OCoLC)fst01411628</subfield>
	</datafield>
	<datafield ind1="1" ind2=" " tag="700">
		<subfield code="6">880-05</subfield>
		<subfield code="a">Baḥr al-ʻUlūm, Muḥammad Ṣādiq,</subfield>
		<subfield code="e">editor.</subfield>
	</datafield>
	<datafield ind1="2" ind2=" " tag="710">
		<subfield code="a">Columbia University.</subfield>
		<subfield code="b">Libraries.</subfield>
	</datafield>
	<datafield ind1="0" ind2=" " tag="730">
		<subfield code="a">Arabic Collections Online.</subfield>
	</datafield>
	<datafield ind1="0" ind2="8" tag="776">
		<subfield code="i">Online version:</subfield>
		<subfield code="a">Ḥassūn al-Burāqī, Ḥusayn ibn al-Sayyid Aḥmad, 1845-1914.</subfield>
		<subfield code="t">Tārīkh al-Kūfah.</subfield>
		<subfield code="b">al-Ṭabʻah 3.</subfield>
		<subfield code="d">al-Najaf, al-Maktabah al-Ḥaydarīyah wa-Maṭbaʻatuhā, 1968</subfield>
		<subfield code="w">(OCoLC)690554012</subfield>
	</datafield>
	<datafield ind1="0" ind2="8" tag="776">
		<subfield code="i">Print version:</subfield>
		<subfield code="a">Ḥassūn al-Burāqī, Ḥusayn ibn al-Sayyid Aḥmad, 1845-1914.</subfield>
		<subfield code="t">Tārīkh al-Kūfah</subfield>
		<subfield code="w">(NNC)2757430</subfield>
		<subfield code="w">(DLC)   78961515 </subfield>
		<subfield code="w">(OCoLC)16840273</subfield>
	</datafield>
	<datafield ind1="4" ind2="0" tag="856">
		<subfield code="u">http://hdl.handle.net/2333.1/66t1g45p</subfield>
	</datafield>
	<datafield ind1="1" ind2=" " tag="880">
		<subfield code="6">100-01/r</subfield>
		<subfield code="a">حسون البراقي، حسين بن السيد احمد،,</subfield>
		<subfield code="d">1845-1914.</subfield>
	</datafield>
	<datafield ind1="1" ind2="0" tag="880">
		<subfield code="6">245-02/r</subfield>
		<subfield code="a">تاريخ الكوفة /</subfield>
		<subfield code="c">تأليف السيد حسين بن السيد احمد البراقي النجفي ؛ حرره واضاف اليه اكثر المواضيع المهمة السيد محمد صادق بحر العلوم.</subfield>
	</datafield>
	<datafield ind1=" " ind2=" " tag="880">
		<subfield code="6">250-03/r</subfield>
		<subfield code="a">الطبعة 3.</subfield>
	</datafield>
	<datafield ind1=" " ind2=" " tag="880">
		<subfield code="6">260-04/r</subfield>
		<subfield code="a">النجف :</subfield>
		<subfield code="b">المكتبة الحيدرية ومطبعتها،</subfield>
		<subfield code="c">1968.</subfield>
	</datafield>
	<datafield ind1="1" ind2=" " tag="880">
		<subfield code="6">700-05/r</subfield>
		<subfield code="a">بحر العلوم، محمد صادق.</subfield>
	</datafield>
	<datafield ind1=" " ind2=" " tag="959">
		<subfield code="a">NNU</subfield>
		<subfield code="b">WEB</subfield>
		<subfield code="c">GENI</subfield>
		<subfield code="t">0</subfield>
		<subfield code="m">Electronic access</subfield>
		<subfield code="s">01</subfield>
	</datafield>
	<datafield ind1=" " ind2=" " tag="999">
		<subfield code="i">NNC_2757430</subfield>
		<subfield code="o">(OCoLC)ocm16840273 </subfield>
		<subfield code="s">columbia_aco001112</subfield>
	</datafield>
</record>
